
@misc{cwalogo,
  author = {SAP},
  title = {Corona Warn App Icon},
  url = {https://avatars.githubusercontent.com/u/64403099},
  Note = {Abgerufen 2021-06-14}
}

@misc{rpilogo,
  author = {Raspberry Pi Foundation},
  title = {Raspberry Pi Logo},
  url = {https://de.wikipedia.org/wiki/Datei:Raspberry_Pi_Logo.svg},
  Note = {Abgerufen 2021-06-14}
}

@misc{lumenlogo,
  author = {Otwell, Taylor},
  title = {Laravel Lumen Logo},
  url = {https://lumen.laravel.com/docs/8.x},
  Note = {Abgerufen 2021-06-14}
}

@misc{postgresqllogo,
  author = {The PostgreSQL Global Development Group},
  title = {PostgreSQL Logo},
  url = {https://wiki.postgresql.org/wiki/Logo},
  Note = {Abgerufen 2021-06-14}
}

@misc{grafana,
  title = {Grafana Logo},
  url = {https://de.wikipedia.org/wiki/Datei:Grafana_logo.png},
  Note = {Abgerufen 2021-06-14}
}
