# BETTER BIBTEX
# http://127.0.0.1:23119/better-bibtex/export/collection?/1/Z5W26K43.bibtex

@misc{arcgisConstraintAttributeRules2025,
  title = {Constraint Attribute Rules---{{ArcGIS Pro}} {\textbar} {{Documentation}}},
  author = {{ArcGIS}},
  year = {2025},
  month = may,
  urldate = {2025-05-01},
  howpublished = {https://pro.arcgis.com/en/pro-app/latest/help/data/geodatabases/overview/constraint-attribute-rules.htm},
}
